@book{Darwin1859,
  title={On the origin of species},
  author={Darwin, Charles},
  publisher={London: Murray},
  year={1859}
}
@article{Haeckel1866,
  title={Allgemeine Entwickelungsgeschichte der Organismen},
  author={Haeckel, Ernst},
  journal={Generelle Morphologie der Organismen},
  volume={2},
  year={1866}
}
@article{Zuckerkandl1962,
  title={Molecular disease, evolution and genetic heterogeneity},
  author={Zuckerkandl, Emile and Pauling, Linus},
  year={1962},
  publisher={Academic Press}
}
@incollection{Jukes1969,
    author = {Jukes, T. H. and Cantor, C. R.},
    booktitle = {Evolution of Protein Molecules},
    citeulike-article-id = {1673661},
    editor = {Munro, H. N.},
    publisher = {Academy Press},
    title = {{Evolution of Protein Molecules}},
    year = {1969}
}
@article{Hastings1970,
  title={Monte Carlo sampling methods using Markov chains and their applications},
  author={Hastings, W Keith},
  journal={Biometrika},
  volume={57},
  number={1},
  pages={97--109},
  year={1970},
  publisher={Biometrika Trust}
}
@article{Akaike1974,
  title={A new look at the statistical model identification},
  author={Akaike, Hirotugu},
  journal={Automatic Control, IEEE Transactions on},
  volume={19},
  number={6},
  pages={716--723},
  year={1974},
  publisher={Ieee}
}
@article{Schwarz1978,
  title={Estimating the dimension of a model},
  author={Schwarz, Gideon and others},
  journal={The annals of statistics},
  volume={6},
  number={2},
  pages={461--464},
  year={1978},
  publisher={Institute of Mathematical Statistics}
}
@article{geman1984,
  title={{S}tochastic relaxation, {G}ibbs distributions, and the {B}ayesian restoration of images},
  author={Geman, Stuart and Geman, Donald},
  journal={IEEE Transactions on Pattern Analysis and Machine Intelligence},
  number={6},
  pages={721--741},
  year={1984},
  publisher={IEEE}
}
@article{Hasegawa1985,
   Author="Hasegawa, M.  and Kishino, H.  and Yano, T. ",
   Title="{{D}ating of the human-ape splitting by a molecular clock of mitochondrial {D}{N}{A}}",
   Journal="J. Mol. Evol.",
   Year="1985",
   Volume="22",
   Number="2",
   Pages="160--174"
}
@inbook{Tavare1986,
    author = {Tavar\'{e}, S.},
    booktitle = {American Mathematical Society: Lectures on Mathematics in the Life Sciences},    
    pages = {57--86},
    publisher = {Amer Mathematical Society},
    title = {{Some Probabilistic and Statistical Problems in the Analysis of DNA Sequences}},
    volume = {17},
    year = {1986}
}
@article{Tajima1993,
   Author="Tajima, F. ",
   Title="{{S}imple methods for testing the molecular evolutionary clock hypothesis}",
   Journal="Genetics",
   Year="1993",
   Volume="135",
   Number="2",
   Pages="599--607",
   Month="Oct"
}
@article{Yang1993,
  title={Maximum-likelihood estimation of phylogeny from DNA sequences when substitution rates differ over sites.},
  author={Yang, Ziheng},
  journal={Molecular Biology and Evolution},
  volume={10},
  number={6},
  pages={1396--1401},
  year={1993},
  publisher={SMBE}
}
@article{Yang1996,
   Author="Yang, Z. ",
   Title="{{A}mong-site rate variation and its impact on phylogenetic analyses}",
   Journal="Trends Ecol. Evol. (Amst.)",
   Year="1996",
   Volume="11",
   Number="9",
   Pages="367--372",
   Month="Sep"
}
@article{Rannala1996,
  title={Probability distribution of molecular evolutionary trees: a new method of phylogenetic inference},
  author={Rannala, Bruce and Yang, Ziheng},
  journal={Journal of molecular evolution},
  volume={43},
  number={3},
  pages={304--311},
  year={1996},
  publisher={Springer}
}
@article{Thorne1998,
   Author="Thorne, J. L.  and Kishino, H.  and Painter, I. S. ",
   Title="{{E}stimating the rate of evolution of the rate of molecular evolution}",
   Journal="Mol. Biol. Evol.",
   Year="1998",
   Volume="15",
   Number="12",
   Pages="1647--1657",
   Month="Dec"
}
@article{Larget1999,
  title={Markov chain Monte Carlo algorithms for the Bayesian analysis of phylogenetic trees},
  author={Larget, Bret and Simon, Donald L},
  journal={Molecular Biology and Evolution},
  volume={16},
  pages={750--759},
  year={1999},
  publisher={UNIVERSITY OF CHICAGO PRESS}
}
@article{Ayala1999,
   Author="Ayala, F. J. ",
   Title="{{M}olecular clock mirages}",
   Journal="Bioessays",
   Year="1999",
   Volume="21",
   Number="1",
   Pages="71--75",
   Month="Jan"
}
@article{Yoder2000,
   Author="Yoder, A. D.  and Yang, Z. ",
   Title="{{E}stimation of primate speciation dates using local molecular clocks}",
   Journal="Mol. Biol. Evol.",
   Year="2000",
   Volume="17",
   Number="7",
   Pages="1081--1090",
   Month="Jul"
}
@article{Huelsenbeck2001,
   Author="Huelsenbeck, J. P.  and Ronquist, F. ",
   Title="{{M}{R}{B}{A}{Y}{E}{S}: {B}ayesian inference of phylogenetic trees}",
   Journal="Bioinformatics",
   Year="2001",
   Volume="17",
   Number="8",
   Pages="754--755",
   Month="Aug"
}
@book{Burnham2002,
  title={Model selection and multimodel inference: a practical information-theoretic approach},
  author={Burnham, Kenneth P and Anderson, David R},
  year={2002},
  publisher={Springer}
}
@article{Rannala2002,
   Author="Rannala, B. ",
   Title="{{I}dentifiability of parameters in {M}{C}{M}{C} {B}ayesian inference of phylogeny}",
   Journal="Syst. Biol.",
   Year="2002",
   Volume="51",
   Number="5",
   Pages="754--760",
   Month="Oct"
}
@article{Drummond2002,
   Author="Drummond, A. J.  and Nicholls, G. K.  and Rodrigo, A. G.  and Solomon, W. ",
   Title="{{E}stimating mutation parameters, population history and genealogy simultaneously from temporally spaced sequence data}",
   Journal="Genetics",
   Year="2002",
   Volume="161",
   Number="3",
   Pages="1307--1320",
   Month="Jul"
}
@article{Drummond2003,
  title={Measurably evolving populations},
  author={Drummond, Alexei J and Pybus, Oliver G and Rambaut, Andrew and Forsberg, Roald and Rodrigo, Allen G},
  journal={Trends in Ecology \& Evolution},
  volume={18},
  number={9},
  pages={481--488},
  year={2003},
  publisher={Elsevier}
}
@article{Guindon2003,
   Author="Guindon, S.  and Gascuel, O. ",
   Title="{{A} simple, fast, and accurate algorithm to estimate large phylogenies by maximum likelihood}",
   Journal="Syst. Biol.",
   Year="2003",
   Volume="52",
   Number="5",
   Pages="696--704",
   Month="Oct"
}
@article{Minin2003,
   Author="Minin, V.  and Abdo, Z.  and Joyce, P.  and Sullivan, J. ",
   Title="{{P}erformance-based selection of likelihood models for phylogeny estimation}",
   Journal="Syst. Biol.",
   Year="2003",
   Volume="52",
   Number="5",
   Pages="674--683",
   Month="Oct"
}
@book{Felsenstein2004,
  Title={Inferring phylogenies},
  Author={Felsenstein, Joseph and Felenstein, Joseph},
  Year={2004},
  Publisher={Sinauer associates Sunderland}
}
@article{Nylander2004,
   Author="Nylander, J. A.  and Wilgenbusch, J. C.  and Warren, D. L.  and Swofford, D. L. ",
   Title="{{A}{W}{T}{Y} (are we there yet?): a system for graphical exploration of {M}{C}{M}{C} convergence in {B}ayesian phylogenetics}",
   Journal="Bioinformatics",
   Year="2008",
   Volume="24",
   Number="4",
   Pages="581--583",
   Month="Feb"
}
@article{Posada2004,
   Author="Posada, D.  and Buckley, T. R. ",
   Title="{{M}odel selection and model averaging in phylogenetics: advantages of akaike information criterion and bayesian approaches over likelihood ratio tests}",
   Journal="Syst. Biol.",
   Year="2004",
   Volume="53",
   Number="5",
   Pages="793--808",
   Month="Oct"
}
@article{Grenfell2004,
   Author="Grenfell, B. T.  and Pybus, O. G.  and Gog, J. R.  and Wood, J. L.  and Daly, J. M.  and Mumford, J. A.  and Holmes, E. C. ",
   Title="{{U}nifying the epidemiological and evolutionary dynamics of pathogens}",
   Journal="Science",
   Year="2004",
   Volume="303",
   Number="5656",
   Pages="327--332",
   Month="Jan"
}
@article{Kumar2005,
   Author="Kumar, S. ",
   Title="{{M}olecular clocks: four decades of evolution}",
   Journal="Nat. Rev. Genet.",
   Year="2005",
   Volume="6",
   Number="8",
   Pages="654--662",
   Month="Aug"
}
@article{Hillis2005,
   Author="Hillis, D. M.  and Heath, T. A.  and St John, K. ",
   Title="{{A}nalysis and visualization of tree space}",
   Journal="Syst. Biol.",
   Year="2005",
   Volume="54",
   Number="3",
   Pages="471--482",
   Month="Jun"
}
@article{Ho2005,
   Author="Ho, S. Y.  and Phillips, M. J.  and Cooper, A.  and Drummond, A. J. ",
   Title="{{T}ime dependency of molecular rate estimates and systematic overestimation of recent divergence times}",
   Journal="Mol. Biol. Evol.",
   Year="2005",
   Volume="22",
   Number="7",
   Pages="1561--1568",
   Month="Jul"
}
@article{Ho2006,
  title={Molecular clocks: when timesare a-changin'},
  author={Ho, Simon YW and Larson, Greger},
  journal={TRENDS in Genetics},
  volume={22},
  number={2},
  pages={79--83},
  year={2006},
  publisher={Elsevier}
}
@article{Mossel2005,
  title={Phylogenetic MCMC algorithms are misleading on mixtures of trees},
  author={Mossel, Elchanan and Vigoda, Eric},
  journal={Science},
  volume={309},
  number={5744},
  pages={2207--2209},
  year={2005},
  publisher={American Association for the Advancement of Science}
}
@book{Yang2006,
  title={Computational molecular evolution},
  author={Yang, Ziheng},
  volume={21},
  year={2006},
  publisher={Oxford University Press Oxford}
}
@article{Shapiro2006,
   Author="Shapiro, B.  and Rambaut, A.  and Drummond, A. J. ",
   Title="{{C}hoosing appropriate substitution models for the phylogenetic analysis of protein-coding sequences}",
   Journal="Mol. Biol. Evol.",
   Year="2006",
   Volume="23",
   Number="1",
   Pages="7--9",
   Month="Jan"
}
@article{Pybus2006,
   Author="Pybus, O. G. ",
   Title="{{M}odel selection and the molecular clock}",
   Journal="PLoS Biol.",
   Year="2006",
   Volume="4",
   Number="5",
   Pages="e151",
   Month="May"
}
@article{Drummond2006,
   Author="Drummond, A. J.  and Ho, S. Y.  and Phillips, M. J.  and Rambaut, A. ",
   Title="{{R}elaxed phylogenetics and dating with confidence}",
   Journal="PLoS Biol.",
   Year="2006",
   Volume="4",
   Number="5",
   Pages="e88",
   Month="May"
}
@article{Ho2006,
   Author="Ho, S. Y.  and Larson, G. ",
   Title="{{M}olecular clocks: when times are a-changin'}",
   Journal="Trends Genet.",
   Year="2006",
   Volume="22",
   Number="2",
   Pages="79--83",
   Month="Feb"
}
@article{Stamatakis2006,
   Author="Stamatakis, A. ",
   Title="{{R}{A}x{M}{L}-{V}{I}-{H}{P}{C}: maximum likelihood-based phylogenetic analyses with thousands of taxa and mixed models}",
   Journal="Bioinformatics",
   Year="2006",
   Volume="22",
   Number="21",
   Pages="2688--2690",
   Month="Nov"
}
@article{Drummond2007,
   Author="Drummond, A. J.  and Rambaut, A. ",
   Title="{{B}{E}{A}{S}{T}: {B}ayesian evolutionary analysis by sampling trees}",
   Journal="BMC Evol. Biol.",
   Year="2007",
   Volume="7",
   Pages="214"
}
@book{Robert2007,
  title={The Bayesian choice: from decision-theoretic foundations to computational implementation},
  author={Robert, Christian},
  year={2007},
  publisher={Springer Science \& Business Media}
}
@inproceedings{Hoehna2008,
  title={Clock-constrained tree proposal operators in Bayesian phylogenetic inference},
  author={H{\"o}hna, Sebastian and Defoin-Platel, Michael and Drummond, Alexei J},
  booktitle={8th IEEE International Conference on BioInformatics and BioEngineering. BIBE 2008},
  pages={1--7},
  year={2008},
  organization={IEEE}
}
@article{Lakner2008,
  title={Efficiency of Markov chain Monte Carlo tree proposals in Bayesian phylogenetics},
  author={Lakner, Clemens and Van Der Mark, Paul and Huelsenbeck, John P and Larget, Bret and Ronquist, Fredrik},
  journal={Systematic biology},
  volume={57},
  number={1},
  pages={86--103},
  year={2008},
  publisher={Oxford University Press}
}
@article{Duffy2008,
  title={Rates of evolutionary change in viruses: patterns and determinants},
  author={Duffy, Siobain and Shackelton, Laura A and Holmes, Edward C},
  journal={Nature Reviews Genetics},
  volume={9},
  number={4},
  pages={267--276},
  year={2008},
  publisher={Nature Publishing Group}
}
@article{Posada2008,
   Author="Posada, D. ",
   Title="{j{M}odel{T}est: phylogenetic model averaging}",
   Journal="Mol. Biol. Evol.",
   Year="2008",
   Volume="25",
   Number="7",
   Pages="1253--1256",
   Month="Jul"
}
@article{Archibald2009,
  title={Edward Hitchcock’s pre-Darwinian (1840) “Tree of life”},
  author={Archibald, J David},
  journal={Journal of the History of Biology},
  volume={42},
  number={3},
  pages={561--592},
  year={2009},
  publisher={Springer}
}
@article{Pybus2009,
   Author="Pybus, O. G.  and Rambaut, A. ",
   Title="{{E}volutionary analysis of the dynamics of viral infectious disease}",
   Journal="Nat. Rev. Genet.",
   Year="2009",
   Volume="10",
   Number="8",
   Pages="540--550",
   Month="Aug"
}
@incollection{Strimmer2009,
  author={Strimmer, Korbinian and von Haeseler, Arndt},
  title={Genetic distances and nucleotide substitution models},
  editor={Philippe Lemey and Marco Salemi and Anne-Mieke Vandamme},
  booktitle={The Phylogenetic Handbook: a Practical Approach to Phylogenetic Analysis and Hypothesis Testing},
  publisher={Cambridge University Press},
  pages={111--141},
  address={Cambridge},
  year={2009}
}
@article{Drummond2010,
   Author="Drummond, A. J.  and Suchard, M. A. ",
   Title="{{B}ayesian random local clocks, or one rate to rule them all}",
   Journal="BMC Biol.",
   Year="2010",
   Volume="8",
   Pages="114"
}
@article{Sharp2011,
   Author="Sharp, P. M.  and Simmonds, P. ",
   Title="{{E}valuating the evidence for virus/host co-evolution}",
   Journal="Curr Opin Virol",
   Year="2011",
   Volume="1",
   Number="5",
   Pages="436--441",
   Month="Nov"
}
@article{Gray2011,
   Author="Gray, R. R.  and Pybus, O. G.  and Salemi, M. ",
   Title="{{M}easuring the {T}emporal {S}tructure in {S}erially-{S}ampled {P}hylogenies}",
   Journal="Methods Ecol Evol",
   Year="2011",
   Volume="2",
   Number="5",
   Pages="437--445",
   Month="Oct"
}
@article{Baele2012,
	Author = {Baele, G. and Lemey, P. and Bedford, T. and Rambaut, A. and Suchard, M. A. and Alekseyenko, A. V.},
	Journal = {Mol. Biol. Evol.},
	Month = {Sep},
	Number = {9},
	Pages = {2157--2167},
	Title = {{{I}mproving the accuracy of demographic and molecular clock model comparison while accommodating phylogenetic uncertainty}},
	Volume = {29},
	Year = {2012}
}
@article{Nostrom2012,
   Author="Norstrom, M. M.  and Prosperi, M. C.  and Gray, R. R.  and Karlsson, A. C.  and Salemi, M. ",
   Title="{{P}hylo{T}empo: {A} {S}et of {R} {S}cripts for {A}ssessing and {V}isualizing {T}emporal {C}lustering in {G}enealogies {I}nferred from {S}erially {S}ampled {V}iral {S}equences}",
   Journal="Evol. Bioinform. Online",
   Year="2012",
   Volume="8",
   Pages="261--269"
}
@article{Sumner2012,
   Author="Sumner, J. G.  and Jarvis, P. D.  and Fernandez-Sanchez, J.  and Kaine, B. T.  and Woodhams, M. D.  and Holland, B. R. ",
   Title="{{I}s the general time-reversible model bad for molecular phylogenetics?}",
   Journal="Syst. Biol.",
   Year="2012",
   Volume="61",
   Number="6",
   Pages="1069--1074",
   Month="Dec"
}
@article{Seaman2012,
  Title={Hidden dangers of specifying noninformative priors},
  Author={Seaman III, John W and Seaman Jr, John W and Stamey, James D},
  Journal={The American Statistician},
  Volume={66},
  Number={2},
  Pages={77--84},
  Year={2012},
  Publisher={Taylor \& Francis}
}
@article{Hoehna2012,
  Title={Guided tree topology proposals for Bayesian phylogenetic inference},
  Author={H{\"o}hna, Sebastian and Drummond, Alexei J},
  Journal={Systematic biology},
  Volume={61},
  Number={1},
  Pages={1--11},
  Year={2012},
  Publisher={Oxford University Press}
}
@article{Drummond2012,
	Author = {Drummond, Alexei J and Suchard, Marc A and Xie, Dong and Rambaut, Andrew},
	Date-Added = {2013-10-04 09:32:52 +0000},
	Date-Modified = {2013-10-04 09:33:02 +0000},
	Journal = {Molecular biology and evolution},
	Number = {8},
	Pages = {1969--1973},
	Publisher = {SMBE},
	Title = {{B}ayesian phylogenetics with {BEAU}ti and the {BEAST} 1.7},
	Volume = {29},
	Year = {2012}
}
@article{Ronquist2012,
   Author="Ronquist, F.  and Teslenko, M.  and van der Mark, P.  and Ayres, D. L.  and Darling, A.  and Hohna, S.  and Larget, B.  and Liu, L.  and Suchard, M. A.  and Huelsenbeck, J. P. ",
   Title="{{M}r{B}ayes 3.2: efficient {B}ayesian phylogenetic inference and model choice across a large model space}",
   Journal="Syst. Biol.",
   Year="2012",
   Volume="61",
   Number="3",
   Pages="539--542",
   Month="May"
}
@article{Rannala2012,
   Author="Rannala, B.  and Zhu, T.  and Yang, Z. ",
   Title="{{T}ail paradox, partial identifiability, and influential priors in {B}ayesian branch length inference}",
   Journal="Mol. Biol. Evol.",
   Year="2012",
   Volume="29",
   Number="1",
   Pages="325--335",
   Month="Jan"
}
@article {Holland2013,
  Author = {Holland, Barbara R.},
  Title = {The Rise of Statistical Phylogenetics},
  Journal = {Australian \& New Zealand Journal of Statistics},
  Volume = {55},
  Number = {3},
  Issn = {1467-842X},
  Url = {http://dx.doi.org/10.1111/anzs.12035},
  Doi = {10.1111/anzs.12035},
  Pages = {205--220},
  Keywords = {goodness-of-fit, maximum likelihood, molecular phylogenetics, phylogenetic networks, phylogenetic trees, phylogenetics, sequence evolution, stochastic models},
  Year = {2013},
}
@article{Baele2013a,
	Author = {G. Baele and W. L. S. Li and A. J. Drummond and M. A. Suchard and P. Lemey},
	Journal = {Mol. Biol. Evol.},
	Number = {2},
	Pages = {239--243},
	Title = {{A}ccurate model selection of relaxed molecular clocks in Bayesian phylogenetics},
	Volume = {30},
	Year = {2013}}

@article{Baele2013b,
	Author = {G. Baele and P. Lemey},
	Journal = {Bioinformatics},
	Title = {Bayesian evolutionary model testing in the phylogenomics era: matching model complexity with computational efficiency},
	Volume = {29},
	Number = {16},
	Pages = {1970--1979},
	Year = {2013}}
	
@article{Baele2013c,
	Author = {G. Baele and P. Lemey and S. Vansteelandt},
	Journal = {BMC Bioinformatics},
	Title = {Make the most of your samples: Bayes factor estimators for high-dimensional models of sequence evolution},
	Volume = {14},
	Number = {85},
	Pages = {85},
	Year = {2013}
}
@article{Volz2013,
   Author="Volz, E. M.  and Koelle, K.  and Bedford, T. ",
   Title="{{V}iral phylodynamics}",
   Journal="PLoS Comput. Biol.",
   Year="2013",
   Volume="9",
   Number="3",
   Pages="e1002947"
}
@article{Pybus2013,
   Author="Pybus, O. G.  and Fraser, C.  and Rambaut, A. ",
   Title="{{E}volutionary epidemiology: preparing for an age of genomic plenty}",
   Journal="Philos. Trans. R. Soc. Lond., B, Biol. Sci.",
   Year="2013",
   Volume="368",
   Number="1614",
   Pages="20120193",
   Month="Mar"
}
@article{Jia2014,
   Author="Jia, F.  and Lo, N.  and Ho, S. Y. ",
   Title="{{T}he impact of modelling rate heterogeneity among sites on phylogenetic estimates of intraspecific evolutionary rates and timescales}",
   Journal="PLoS ONE",
   Year="2014",
   Volume="9",
   Number="5",
   Pages="e95722"
}
@article{Stamatakis2014,
   Author="Stamatakis, A. ",
   Title="{{R}{A}x{M}{L} version 8: a tool for phylogenetic analysis and post-analysis of large phylogenies}",
   Journal="Bioinformatics",
   Year="2014",
   Volume="30",
   Number="9",
   Pages="1312--1313",
   Month="May"
}
@incollection{Wang2014,
  author      = "Wang, Y. and Yang, Z.",
  title       = "Priors in {B}ayesian Phylogenetics",
  editor      = "M.-H. Chen, L. Kuo and P. Lewis",
  booktitle   = "Bayesian Phylogenetics: Methods, Algorithms, and Applications",
  publisher   = "Chapman \& Hall/CRC",
  address     = "London",
  year        = "2014",
}
@article{Frost2015,
   Author="Frost, S. D.  and Pybus, O. G.  and Gog, J. R.  and Viboud, C.  and Bonhoeffer, S.  and Bedford, T. ",
   Title="{{E}ight challenges in phylodynamic inference}",
   Journal="Epidemics",
   Year="2015",
   Volume="10",
   Pages="88--92",
   Month="Mar"
}
@article{Whidden2015,
  title={Quantifying MCMC exploration of phylogenetic tree space},
  author={Whidden, Chris and Matsen, Frederick A},
  journal={Systematic biology},
  pages={syv006},
  year={2015},
  publisher={Oxford University Press}
}
@Article{Fourment2016,
   Author="Fourment, M.  and Holmes, E. C. ",
   Title="{{N}ovel non-parametric models to estimate evolutionary rates and divergence times from heterochronous sequence data}",
   Journal="BMC Evol. Biol.",
   Year="2014",
   Volume="14",
   Pages="163"
}
@Article{Duchene2016,
   Author="Duchene, S.  and Geoghegan, J. L.  and Holmes, E. C.  and Ho, S. Y. ",
   Title="{{E}stimating evolutionary rates using time-structured data: a general comparison of phylogenetic methods}",
   Journal="Bioinformatics",
   Year="2016",
   Pages=" ",
   Month="Jul"
}
